@Book{Wuenschiers2004,
  title         = {Computational biology: Unix/Linux, data processing and programming},
  publisher     = {Springer},
  year          = {2004},
  author        = {Wünschiers, Röbbe},
  isbn          = {978-3-642-34748-1},
}

@Book{Wuenschiers2016,
  title         = {Wiley-Schnellkurs Bioinformatik -- Datenmassen Richtig Fassen},
  publisher     = {Wiley-VCH},
  year          = {2016},
  author        = {Wünschiers, Röbbe},
  isbn          = {978-3-527-53040-3},
}

@inbook{Wuenschiers2016kap12,
  title         = {Wiley-Schnellkurs Bioinformatik -- Datenmassen richtig fassen},
  publisher     = {Wiley-VCH},
  year          = {2016},
  author        = {Wünschiers, Röbbe},
  isbn          = {978-3-527-53040-3},
  pages         = {221-241},
  chapter       = {Es allen zeigen}
}

@article{Mendel1866,
    author = {Mendel, Gregor},
    citeulike-article-id = {7756679},
    journal = {Verhandlungen des naturforschenden Vereines in Br\"{u}nn},
    keywords = {biology, evolution, theory},
    pages = {3--47},
    posted-at = {2010-09-02 16:38:58},
    priority = {2},
    title = {{Versuche \"{u}ber Pflanzen-Hybriden}},
    volume = {42},
    year = {1866}
}

@Article{Stark2014,
  author        = {Stark, Lucy and Giersch, Tina and W{\"u}nschiers, R{\"o}bbe},
  title         = {Efficiency of RNA extraction from selected bacteria in the context of biogas production and metatranscriptomics},
  journal       = {Anaerobe},
  year          = {2014},
  volume        = {29},
  pages         = {85--90},
  publisher     = {Elsevier},
}

@Article{Mohamed2016,
  author        = {Mohamed, Mohamed M G and Shwaib, Hussam M and Fahim, Monica M and Ahmed, Elhamy A and Omer, Mawadda K and Monier, Islam A and Balla, Siham A},
  title         = {Ebola hemorrhagic fever under scope, view of knowledge, attitude and practice from rural Sudan in 2015.},
  journal       = {Journal of infection and public health},
  year          = {2016},
  month         = jul,
  issn          = {1876-035X},
  country       = {England},
  created       = {2016-07-11},
  doi           = {10.1016/j.jiph.2016.05.016},
  issn-linking  = {1876-0341},
  keywords      = {Attitude; Ebola knowledge; Education; Health care providers; Practice},
  nlm-id        = {101487384},
  owner         = {NLM},
  pii           = {S1876-0341(16)30089-2},
  pmid          = {27396613},
  pubmodel      = {Print-Electronic},
  pubstatus     = {aheadofprint},
  revised       = {2016-07-11},
}



@Article{Huang1976,
  author          = {Huang, R T},
  title           = {On the structure of the carbohydrate chains of different strains of the influenza virus.},
  journal         = {Medical microbiology and immunology},
  year            = {1976},
  volume          = {162},
  pages           = {169--173},
  month           = dec,
  issn            = {0300-8584},
  chemicals       = {Carbohydrates, Fucose, Glucose, Mannose, Galactose},
  citation-subset = {IM},
  completed       = {1977-02-16},
  country         = {Germany},
  created         = {1977-02-16},
  issn-linking    = {0300-8584},
  issue           = {3-4},
  keywords        = {Carbohydrates, analysis; Fucose, analysis; Galactose, analysis; Glucose, analysis; Influenza A virus, analysis; Mannose, analysis; Orthomyxoviridae, analysis},
  nlm-id          = {0314524},
  owner           = {NLM},
  pmid            = {1004374},
  pubmodel        = {Print},
  pubstatus       = {ppublish},
  revised         = {2013-11-21}
}

@Article{ElSayed2016,
  author        = {El Sayed, Salah Mohamed and Abdelrahman, Ali A and Ozbak, Hani Adnan and Hemeg, Hassan Abdullah and Kheyami, Ali Mohammed and Rezk, Nasser and El-Ghoul, Mohamed Baioumy and Nabo, Manal Mohamed Helmy and Fathy, Yasser Mohamed},
  title         = {Updates in diagnosis and management of Ebola hemorrhagic fever.},
  journal       = {Journal of research in medical sciences : the official journal of Isfahan University of Medical Sciences},
  year          = {2016},
  volume        = {21},
  pages         = {84},
  issn          = {1735-1995},
  country       = {India},
  created       = {2017-02-06},
  doi           = {10.4103/1735-1995.192500},
  issn-linking  = {1735-1995},
  keywords      = {Ebola hemorrhagic fever; filoviruses; fruit bats; pathogenesis; reverse transcription-polymerase chain reaction},
  nlm-id        = {101235599},
  owner         = {NLM},
  pii           = {JRMS-21-84},
  pmc           = {PMC5244689},
  pmid          = {28163730},
  pubmodel      = {Electronic-eCollection},
  pubstatus     = {epublish},
  revised       = {2017-02-24},
}




@Article{Jing2016,
  author          = {Jing, Y X and Wang, L N and Wu, X M and Song, C X},
  title           = {Positive evolution of the glycoprotein (GP) gene is related to transmission of the Ebola virus.},
  journal         = {Genetics and molecular research},
  year            = {2016},
  volume          = {15},
  month           = mar,
  issn            = {1676-5680},
  chemicals       = {Glycoproteins, Viral Envelope Proteins},
  citation-subset = {IM},
  completed       = {2016-12-30},
  country         = {Brazil},
  created         = {2016-04-07},
  doi             = {10.4238/gmr.15017173},
  issn-linking    = {1676-5680},
  issue           = {1},
  keywords        = {Disease Outbreaks; Ebolavirus, classification, genetics, pathogenicity; Evolution, Molecular; Glycoproteins, genetics, metabolism; Hemorrhagic Fever, Ebola, epidemiology, metabolism, virology; Humans; Phylogeny; Viral Envelope Proteins, genetics, metabolism},
  nlm-id          = {101169387},
  owner           = {NLM},
  pii             = {gmr7173},
  pmid            = {27051001},
  pubmodel        = {Electronic},
  pubstatus       = {epublish},
  revised         = {2016-12-31},
}

@Article{Kanai2017,
  author          = {Kanai, Tamotsu and Yasukochi, Ayako and Simons, Jan-Robert and Scott, Joseph Walker and Fukuda, Wakao and Imanaka, Tadayuki and Atomi, Haruyuki},
  title           = {Genetic analyses of the functions of [NiFe]-hydrogenase maturation endopeptidases in the hyperthermophilic archaeon Thermococcus kodakarensis.},
  journal         = {Extremophiles : life under extreme conditions},
  year            = {2017},
  volume          = {21},
  pages           = {27--39},
  month           = jan,
  issn            = {1433-4909},
  nlm-id          = {9706854},
  owner           = {NLM},
  pii             = {10.1007/s00792-016-0875-1},
  pmid            = {27738851},
  pubmodel        = {Print-Electronic},
  pubstatus       = {ppublish},
  revised         = {2017-02-23},
}

@online{ford,
author = {Ford, Rebecca},
title  = {Earthquake: Twitter Users Learned of Tremors
          Seconds Before Feeling Them},
year   = {2016},
urldate   = {2016-09-20},
date   = {2016-09-20},
url    = {http://www.hollywoodreporter.com/news/earthquake-twitter-users-learned-tremors-226481}
}


